@article{Teece_etal_1997,
        author = {Teece, David J. and Pisano, Gary and Shuen, Amy},
        title = {Dynamic capabilities and strategic management},
        journal = {Strategic Management Journal},
        volume = {18},
        number = {7},
        pages = {509-533},
        year = {1997},
        doi = {doi.org/10.1002/(SICI)1097-0266(199708)18:7<509::AID-SMJ882>3.0.CO;2-Z},
}